@misc{se2:ss,
    title = {Mandatory Project: goal, schedule and rules},
    author = {Di Nitto, Elisabetta and Rossi, Matteo},
    date = {2019},
}